

@article{ar,
author = {Rongong, J.A. and Tomlinson, G.R.},
year = {2002},
month = {01},
pages = {431-440},
title = {Vibration damping using granular viscoelastic materials},
journal = {Proceedings of the 2002 International Conference on Noise and Vibration Engineering, ISMA}
},

@article{work1,
author = {Darabi, B},
year = {2019},
month = {01},
pages = {1-11},
title = {Viscoelastic Behaviour of Element of Particle Damper: Experimental and Numerical Study},
journal = {Iranian Journal of Science and Technology, Transactions of Mechanical Engineering},
doi = {10.1007/s40997-018-0277-3}
},

@article{work2,
author = {Emri, Igor and Prodan, T},
year = {2006},
month = {08},
pages = {429-439},
title = {A Measuring System for Bulk and Shear Characterization of Polymers},
volume = {46},
journal = {Experimental Mechanics},
doi = {10.1007/s11340-006-8528-4}
}, 
 
@article{work11,
author = {Sanchez, Martin and Carlevaro, Manuel},
year = {2011},
month = {10},
pages = {},
title = {Nonlinear dynamic analysis of an optimal particle damper},
volume = {332},
journal = {Journal of Sound and Vibration},
doi = {10.1016/j.jsv.2012.09.042}
},


@article{work7,
author = {Bek,Marko  and Betjes,Joris  and von Bernstorff,Bernd-Steffen  and Emri,Igor },
title = {Viscoelasticity of new generation thermoplastic polyurethane vibration isolators},
journal = {Physics of Fluids},
volume = {29},
number = {12},
pages = {121614},
year = {2017},
doi = {10.1063/1.5000413},

URL = { 
        https://doi.org/10.1063/1.5000413
    
},
eprint = { 
        https://doi.org/10.1063/1.5000413
    
}

}, 

@inproceedings{work10,
author = {Mukwiri, Rector and Motlagh, Yousef and Coombs, William and Augarde, Charles},
year = {2017},
month = {04},
pages = {},
title = {Energy dissipation in granular materials in triaxial tests}
},

@book{BahvalJidkovKobel1987,
		author  = "{Бахвалов Н.С., Жидков Н.П., Кобельков Г.М.}",
		pages  = "600",
		address = "{Москва}",
		publisher  = "Наука",
		title  = "Численные методы",
		year  = "1987",
		language = "russian",
},

@book{ProgrammingInGo,
		author  = "{Mark Summerfield}",
		title  = "Programming in Go: Creating Applications for the 21st Century",
		year  = "2012",
},


@misc{GinGonic,
  title = {{GoDoc} gin-gonic},
  howpublished = {\url{https://godoc.org/github.com/gin-gonic/gin}},
}


@misc{GoTour,
  title = {{Go Tour}},
  howpublished = {\url{https://tour.golang.org/welcome/1}},
}


@misc{GoNum,
  title = {{GoNum}},
  howpublished = {\url{https://www.gonum.org/}},
}

@article{InfluenceOfNodes,
author = {Lawyer, Glenn},
year = {2015},
month = {03},
pages = {8665},
title = {Understanding the influence of all nodes in a network},
volume = {5},
journal = {Scientific reports},
doi = {10.1038/srep08665}
}

